<?xml version="1.0" encoding="UTF-8"?><collection xmlns="http://www.loc.gov/MARC21/slim"><record><leader>00541nam--2200181-i-4500</leader><controlfield tag="001">000048690</controlfield><controlfield tag="002">20161230</controlfield><controlfield tag="005">20170106170455</controlfield><controlfield tag="008">060222s1000------------r-----000-0-rus-d</controlfield><datafield ind1=" " ind2=" " tag="040"><subfield code="a">IFIN-HH</subfield></datafield><datafield ind1=" " ind2=" " tag="041"><subfield code="a">rus</subfield></datafield><datafield ind1=" " ind2=" " tag="080"><subfield code="a">539.1</subfield></datafield><datafield ind1="1" ind2=" " tag="110"><subfield code="a">Kazahskii Gosudarstvennii Universitet</subfield></datafield><datafield ind1="1" ind2="0" tag="245"><subfield code="a">Optika. Iadernie protessi</subfield><subfield code="b">Sbornik naucinih rabot kafedri optiki i kafedri eksperimentalnoi fiziki</subfield></datafield><datafield ind1=" " ind2=" " tag="260"><subfield code="a">Alma-Ata</subfield><subfield code="b">Kazahskii Gosudarstvennii Universitet</subfield><subfield code="c">1959</subfield></datafield><datafield ind1=" " ind2=" " tag="300"><subfield code="a">109 p</subfield></datafield><datafield ind1=" " ind2=" " tag="852"><subfield code="a">76851</subfield><subfield code="c">539</subfield></datafield><datafield ind1=" " ind2=" " tag="CAT"><subfield code="a">SYS</subfield><subfield code="c">20170106</subfield><subfield code="h">170455</subfield></datafield></record></collection>